@misc{opencvfft, 
  key = "Fourier Transform",
  title="Fourier Transform - OpenCV 3.0.0-dev documentation", url="https://docs.opencv.org/3.0-beta/doc/py_tutorials/py_imgproc/py_transforms/py_fourier_transform/py_fourier_transform.html", 
}

@inproceedings{dogs,
    author = "Aditya Khosla and Nityananda Jayadevaprakash and Bangpeng Yao and Li Fei-Fei",
    title = "Novel Dataset for Fine-Grained Image Categorization",
    booktitle = "First Workshop on Fine-Grained Visual Categorization, IEEE Conference on Computer Vision and Pattern Recognition",
    year = "2011",
    month = "June",
    address = "Colorado Springs, CO",
}